<record><leader>00000cas a2200000 a 4500</leader><controlfield tag="001">12656264</controlfield><controlfield tag="008">851010d19051949ohudr ne      0    0eng  </controlfield><datafield ind1=" " ind2=" " tag="010"><subfield code="a">sn 85042574 </subfield></datafield><datafield ind1=" " ind2=" " tag="040"><subfield code="a">DLC</subfield><subfield code="b">eng</subfield><subfield code="c">DLC</subfield><subfield code="d">ONP</subfield><subfield code="d">KNP</subfield><subfield code="d">CRL</subfield><subfield code="d">DLC</subfield><subfield code="d">OCLCQ</subfield><subfield code="d">OCLCA</subfield><subfield code="d">OCLCF</subfield></datafield><datafield ind1="1" ind2=" " tag="029"><subfield code="a">AU@</subfield><subfield code="b">000004485062</subfield></datafield><datafield ind1=" " ind2=" " tag="042"><subfield code="a">pcc</subfield></datafield><datafield ind1=" " ind2=" " tag="043"><subfield code="a">n-us-oh</subfield></datafield><datafield ind1="0" ind2="0" tag="050"><subfield code="a">Newspaper</subfield></datafield><datafield ind1="0" ind2=" " tag="130"><subfield code="a">Dayton journal (Dayton, Ohio : 1905)</subfield></datafield><datafield ind1="1" ind2="4" tag="245"><subfield code="a">The Dayton journal.</subfield></datafield><datafield ind1="1" ind2=" " tag="246"><subfield code="i">Sunday issues for Dec. 25, 1938-&lt;Dec. 31, 1939&gt; have title:</subfield><subfield code="a">Dayton Sunday journal herald</subfield></datafield><datafield ind1=" " ind2=" " tag="260"><subfield code="a">Dayton, Ohio :</subfield><subfield code="b">Dayton Journal Co.,</subfield><subfield code="c">1905-1949.</subfield></datafield><datafield ind1=" " ind2=" " tag="300"><subfield code="a">45 v. :</subfield><subfield code="b">ill. ;</subfield><subfield code="c">59 cm.</subfield></datafield><datafield ind1=" " ind2=" " tag="310"><subfield code="a">Daily,</subfield><subfield code="b">May 19, 1907-Jan. 8, 1949</subfield></datafield><datafield ind1=" " ind2=" " tag="321"><subfield code="a">Daily (except Sun.),</subfield><subfield code="b">Feb. 1, 1905-May 18, 1907</subfield></datafield><datafield ind1="0" ind2=" " tag="362"><subfield code="a">Vol. 42, no. 162 (Feb. 1, 1905)-142nd year, no. 7 (Jan. 8, 1949).</subfield></datafield><datafield ind1=" " ind2=" " tag="530"><subfield code="a">Also issued on microfilm from UMI.</subfield></datafield><datafield ind1=" " ind2=" " tag="555"><subfield code="a">Subject and personal name index: 1934-1938. 5 v.</subfield></datafield><datafield ind1=" " ind2="0" tag="651"><subfield code="a">Dayton (Ohio)</subfield><subfield code="v">Newspapers.</subfield></datafield><datafield ind1=" " ind2="7" tag="655"><subfield code="a">Newspapers.</subfield><subfield code="2">fast</subfield><subfield code="0">(OCoLC)fst01423814</subfield></datafield><datafield ind1=" " ind2="7" tag="651"><subfield code="a">Ohio</subfield><subfield code="z">Dayton.</subfield><subfield code="2">fast</subfield><subfield code="0">(OCoLC)fst01204702</subfield></datafield><datafield ind1=" " ind2=" " tag="752"><subfield code="a">United States</subfield><subfield code="b">Ohio</subfield><subfield code="c">Montgomery</subfield><subfield code="d">Dayton.</subfield></datafield><datafield ind1="0" ind2="0" tag="780"><subfield code="t">Dayton daily journal (Dayton, Ohio : 1862)</subfield><subfield code="w">(DLC)sn 85025985</subfield><subfield code="w">(OCoLC)12004547</subfield></datafield><datafield ind1="0" ind2="7" tag="785"><subfield code="t">Dayton herald (Dayton, Ohio : 1923)</subfield><subfield code="w">(DLC)sn 90068544</subfield><subfield code="w">(OCoLC)21723024</subfield></datafield><datafield ind1="0" ind2="7" tag="785"><subfield code="t">Journal herald (Dayton, Ohio)</subfield><subfield code="w">(DLC)sn 88077237</subfield><subfield code="w">(OCoLC)11912626</subfield></datafield></record>